<record xmlns="http://www.loc.gov/MARC21/slim">
   <leader>03925cam a2200457 i 4500</leader>
   <controlfield tag="001">6799176</controlfield>
   <controlfield tag="003">OCoLC</controlfield>
   <controlfield tag="005">20150120160318.0</controlfield>
   <controlfield tag="008">140818s2015    enka     b    001 0 eng  </controlfield>
   <datafield ind1=" " ind2=" " tag="010">
      <subfield code="a">  2014020936</subfield>
   </datafield>
   <datafield ind1=" " ind2=" " tag="015">
      <subfield code="a">GBB4B9270</subfield>
      <subfield code="2">bnb</subfield>
   </datafield>
   <datafield ind1=" " ind2=" " tag="015">
      <subfield code="a">GBB4D1595</subfield>
      <subfield code="2">bnb</subfield>
   </datafield>
   <datafield ind1="7" ind2=" " tag="016">
      <subfield code="a">016912665</subfield>
      <subfield code="2">Uk</subfield>
   </datafield>
   <datafield ind1="7" ind2=" " tag="016">
      <subfield code="a">016948022</subfield>
      <subfield code="2">Uk</subfield>
   </datafield>
   <datafield ind1=" " ind2=" " tag="020">
      <subfield code="a">9781107044685</subfield>
      <subfield code="q">hardback</subfield>
   </datafield>
   <datafield ind1=" " ind2=" " tag="020">
      <subfield code="a">1107044685</subfield>
      <subfield code="q">hardback</subfield>
   </datafield>
   <datafield ind1=" " ind2=" " tag="020">
      <subfield code="z">9781316191125</subfield>
      <subfield code="q">PDF ebook</subfield>
   </datafield>
   <datafield ind1=" " ind2=" " tag="040">
      <subfield code="a">DLC</subfield>
      <subfield code="e">rda</subfield>
      <subfield code="b">eng</subfield>
      <subfield code="c">DLC</subfield>
      <subfield code="d">YDX</subfield>
      <subfield code="d">ERASA</subfield>
      <subfield code="d">BTCTA</subfield>
      <subfield code="d">UKMGB</subfield>
      <subfield code="d">YDXCP</subfield>
      <subfield code="d">UAB</subfield>
      <subfield code="d">AEU</subfield>
   </datafield>
   <datafield ind1=" " ind2=" " tag="042">
      <subfield code="a">pcc</subfield>
   </datafield>
   <datafield ind1="0" ind2="0" tag="050">
      <subfield code="a">HM1111</subfield>
      <subfield code="b">.F673 2015</subfield>
   </datafield>
   <datafield ind1="0" ind2="0" tag="082">
      <subfield code="a">305.231</subfield>
      <subfield code="2">23</subfield>
   </datafield>
   <datafield ind1=" " ind2=" " tag="084">
      <subfield code="a">PSY039000</subfield>
      <subfield code="2">bisacsh</subfield>
   </datafield>
   <datafield ind1=" " ind2=" " tag="090">
      <subfield code="a">HM 1111 F673 2015</subfield>
      <subfield code="b">AEU</subfield>
   </datafield>
   <datafield ind1="1" ind2=" " tag="100">
      <subfield code="a">Forrester, Michael A.,</subfield>
      <subfield code="e">author.</subfield>
   </datafield>
   <datafield ind1="1" ind2="0" tag="245">
      <subfield code="a">Early social interaction :</subfield>
      <subfield code="b">a case comparison of developmental pragmatics and psychoanalytic theory /</subfield>
      <subfield code="c">Michael A. Forrester (University of Kent).</subfield>
   </datafield>
   <datafield ind1=" " ind2="1" tag="264">
      <subfield code="a">Cambridge, United Kingdom :</subfield>
      <subfield code="b">Cambridge University Press,</subfield>
      <subfield code="c">2015.</subfield>
   </datafield>
   <datafield ind1=" " ind2=" " tag="300">
      <subfield code="a">xiv, 289 pages :</subfield>
      <subfield code="b">illustrations ;</subfield>
      <subfield code="c">24 cm</subfield>
   </datafield>
   <datafield ind1=" " ind2=" " tag="336">
      <subfield code="a">text</subfield>
      <subfield code="b">txt</subfield>
      <subfield code="2">rdacontent</subfield>
   </datafield>
   <datafield ind1=" " ind2=" " tag="337">
      <subfield code="a">unmediated</subfield>
      <subfield code="b">n</subfield>
      <subfield code="2">rdamedia</subfield>
   </datafield>
   <datafield ind1=" " ind2=" " tag="338">
      <subfield code="a">volume</subfield>
      <subfield code="b">nc</subfield>
      <subfield code="2">rdacarrier</subfield>
   </datafield>
   <datafield ind1=" " ind2=" " tag="504">
      <subfield code="a">Includes bibliographical references and index.</subfield>
   </datafield>
   <datafield ind1="8" ind2=" " tag="505">
      <subfield code="a">Machine generated contents note: 1. Introduction; 2. Developmental pragmatics and conversation analysis; 3. Child-focused conversation analysis; 4. A psychoanalytic reading of early social relations; 5. Repression and displacement in everyday talk-in-interaction; 6. Research practices and methodological objects; 7. Learning how to repair; 8. Learning what not to say: repression and interactive vertigo; 9. A question of answering; 10. Interaction and the transitional space; 11. Self-positioning, membership and participation; 12. Discourses of the self and early social relations; 13. Social practice and psychological affect.</subfield>
   </datafield>
   <datafield ind1=" " ind2=" " tag="520">
      <subfield code="a">"When a young child begins to engage in everyday interaction, she has to acquire competencies that allow her to be oriented to the conventions that inform talk-in-interaction and, at the same time, deal with emotional or affective dimensions of experience. The theoretical positions associated with these domains - social action and emotion - provide very different accounts of human development and this book examines why this is the case. Through a longitudinal video-recorded study of one child learning how to talk, Michael Forrester develops proposals that rest upon a comparison of two perspectives on everyday parent-child interaction taken from the same data corpus - one informed by conversation analysis and ethnomethodology, the other by psychoanalytic developmental psychology. Ultimately, what is significant for attaining membership within any culture is gradually being able to display an orientation towards both domains - doing and feeling, or social action and affect"--</subfield>
      <subfield code="c">Provided by publisher.</subfield>
   </datafield>
   <datafield ind1=" " ind2=" " tag="520">
      <subfield code="a">"This book brings together various threads of the research work I've been involved with over a number of years. This research is based on a longitudinal video-recorded study of one of my daughters as she was learning how to talk. The impetus for engaging in this work arose from a sense that within developmental psychology and child language, when people are interested in understanding how children use language, they seem over-focused or concerned with questions of formal grammar and semantics. My interest is on understanding how a child learns to talk and through this process is then understood as being or becoming a member of a culture"--</subfield>
      <subfield code="c">Provided by publisher.</subfield>
   </datafield>
   <datafield ind1=" " ind2=" " tag="596">
      <subfield code="a">16</subfield>
   </datafield>
   <datafield ind1=" " ind2="0" tag="650">
      <subfield code="a">Social interaction.</subfield>
   </datafield>
   <datafield ind1=" " ind2="0" tag="650">
      <subfield code="a">Child development.</subfield>
   </datafield>
   <datafield ind1=" " ind2="0" tag="650">
      <subfield code="a">Parent and child.</subfield>
   </datafield>
   <datafield ind1="4" ind2="2" tag="856">
      <subfield code="3">Cover image</subfield>
      <subfield code="u">http://assets.cambridge.org/97811070/44685/cover/9781107044685.jpg</subfield>
   </datafield>
   <datafield ind1=" " ind2=" " tag="949">
      <subfield code="a">HM 1111 F673 2015</subfield>
      <subfield code="c">1</subfield>
      <subfield code="h">UAAU-B</subfield>
      <subfield code="i">0162035232329</subfield>
   </datafield>
   <datafield ind1=" " ind2=" " tag="926">
      <subfield code="a">HM 1111 F673 2015</subfield>
      <subfield code="w">LC</subfield>
      <subfield code="c">1</subfield>
      <subfield code="i">0162035232329</subfield>
      <subfield code="l">ON_SHELF</subfield>
      <subfield code="m">UAAUG</subfield>
      <subfield code="p">$150.00</subfield>
      <subfield code="r">Y</subfield>
      <subfield code="s">Y</subfield>
      <subfield code="t">BOOK</subfield>
      <subfield code="u">2/4/2015</subfield>
   </datafield>
</record>
